<record xmlns="http://www.loc.gov/MARC21/slim" xmlns:xsi="http://www.w3.org/2001/XMLSchema-instance" xsi:schemaLocation="http://www.loc.gov/MARC21/slim http://www.loc.gov/standards/marcxml/schema/MARC21slim.xsd"><leader>02856nam a2200457   4500</leader><controlfield tag="001">3059248</controlfield><controlfield tag="003">NNC</controlfield><controlfield tag="006">m        d        </controlfield><controlfield tag="007">cr cn |||m|||a</controlfield><controlfield tag="008">150223s1961    sy      o     000 0 ara  </controlfield><datafield ind1=" " ind2=" " tag="040"><subfield code="a">NNU</subfield><subfield code="b">eng</subfield><subfield code="e">rda</subfield><subfield code="c">NNU</subfield></datafield><datafield ind1=" " ind2=" " tag="043"><subfield code="a">a------</subfield><subfield code="a">f------</subfield></datafield><datafield ind1=" " ind2="4" tag="050"><subfield code="a">DS39</subfield><subfield code="b">.I3 1961</subfield></datafield><datafield ind1="1" ind2=" " tag="100"><subfield code="6">880-01</subfield><subfield code="a">Ibn Qayyim al-Jawzi&#772;yah, Muh&#803;ammad ibn Abi&#772; Bakr,</subfield><subfield code="d">1292-1350.</subfield></datafield><datafield ind1="1" ind2="0" tag="240"><subfield code="6">880-02</subfield><subfield code="a">Ah&#803;ka&#772;m ahl al-dhimmah</subfield></datafield><datafield ind1="1" ind2="0" tag="245"><subfield code="6">880-03</subfield><subfield code="a">Sharh&#803; al-shuru&#772;t&#803; al-&#699;Umari&#772;yah mujarradan min Kita&#772;b Ih&#803;ka&#772;m Ahl al-Dhimmah /</subfield><subfield code="c">ta&#700;li&#772;f Shams al-Di&#772;n Abi&#772; &#699;Abd Allah Muh&#803;ammad Ibn Abi&#772; Bakr Ibn Qayyim al-Jawzi&#772;yah ; h&#803;aqqaqahu wa-&#699;allaqa &#699;ala&#769; h&#803;awa&#772;shi&#772;h wa-jarradahu min al-as&#803;l S&#803;ubh&#803;i&#772; al-S&#803;a&#772;lih&#803;.</subfield></datafield><datafield ind1=" " ind2=" " tag="250"><subfield code="6">880-04</subfield><subfield code="a">al-T&#803;ab&#699;ah 1.</subfield></datafield><datafield ind1=" " ind2=" " tag="260"><subfield code="6">880-05</subfield><subfield code="a">[Damascus] :</subfield><subfield code="b">Mat&#803;ba&#699;at Ja&#772;mi&#699;at Dimashq,</subfield><subfield code="c">1961.</subfield></datafield><datafield ind1=" " ind2=" " tag="300"><subfield code="a">online resource (12, 262 pages)</subfield></datafield><datafield ind1=" " ind2=" " tag="336"><subfield code="a">text</subfield><subfield code="2">rdacontent</subfield></datafield><datafield ind1=" " ind2=" " tag="337"><subfield code="a">computer</subfield><subfield code="2">rdamedia</subfield></datafield><datafield ind1=" " ind2=" " tag="338"><subfield code="a">online resource</subfield><subfield code="2">rdacarrier</subfield></datafield><datafield ind1=" " ind2=" " tag="500"><subfield code="a">Part of the Arabic Collections Online (ACO) project, contributed by Columbia University Libraries.</subfield></datafield><datafield ind1=" " ind2=" " tag="533"><subfield code="a">Electronic reproduction.</subfield><subfield code="b">New York, N.Y. :</subfield><subfield code="c">New York University,</subfield><subfield code="d">2015.</subfield><subfield code="5">NNU</subfield></datafield><datafield ind1=" " ind2="0" tag="650"><subfield code="a">Minorities</subfield><subfield code="z">Islamic countries.</subfield></datafield><datafield ind1=" " ind2="7" tag="650"><subfield code="a">Minorities.</subfield><subfield code="2">fast</subfield><subfield code="0">(OCoLC)fst01023088</subfield></datafield><datafield ind1=" " ind2="7" tag="651"><subfield code="a">Islamic countries.</subfield><subfield code="2">fast</subfield><subfield code="0">(OCoLC)fst01244130</subfield></datafield><datafield ind1="1" ind2=" " tag="700"><subfield code="6">880-06</subfield><subfield code="a">S&#803;a&#772;lih&#803;, S&#803;ubh&#803;i&#772;.</subfield></datafield><datafield ind1="2" ind2=" " tag="710"><subfield code="a">Columbia University.</subfield><subfield code="b">Libraries.</subfield></datafield><datafield ind1="0" ind2=" " tag="730"><subfield code="a">Arabic Collections Online.</subfield></datafield><datafield ind1="0" ind2="8" tag="776"><subfield code="i">Online version:</subfield><subfield code="a">Ibn Qayyim al-Jawzi&#772;yah, Muh&#803;ammad ibn Abi&#772; Bakr, 1292-1350.</subfield><subfield code="s">Ah&#803;ka&#772;m ahl al-dhimmah.</subfield><subfield code="t">Sharh&#803; al-shuru&#772;t&#803; al-&#699;Umari&#772;yah mujarradan min Kita&#772;b Ih&#803;ka&#772;m Ahl al-Dhimmah.</subfield><subfield code="b">al-T&#803;ab&#699;ah 1.</subfield><subfield code="d">[Damascus] : Mat&#803;ba&#699;at Ja&#772;mi&#699;at Dimashq, 1961</subfield><subfield code="w">(OCoLC)605341184</subfield></datafield><datafield ind1="0" ind2="8" tag="776"><subfield code="i">Print version:</subfield><subfield code="a">Ibn Qayyim al-Jawzi&#772;yah, Muh&#803;ammad ibn Abi&#772; Bakr, 1292-1350.</subfield><subfield code="t">Sharh&#803; al-shuru&#772;t&#803; al-&#699;Umari&#772;yah mujarradan min Kita&#772;b Ih&#803;ka&#772;m Ahl al-Dhimmah</subfield><subfield code="w">(NNC)3059248</subfield><subfield code="w">(DLC)ne 65000958 </subfield><subfield code="w">(OCoLC)30562087</subfield></datafield><datafield ind1="4" ind2="0" tag="856"><subfield code="u">http://hdl.handle.net/2333.1/6t1g1mpm</subfield></datafield><datafield ind1="1" ind2=" " tag="880"><subfield code="6">100-01/r</subfield><subfield code="a">&#1575;&#1576;&#1606; &#1602;&#1610;&#1605; &#1575;&#1604;&#1580;&#1608;&#1586;&#1610;&#1577;&#1548; &#1605;&#1581;&#1605;&#1583; &#1576;&#1606; &#1571;&#1576;&#1610; &#1576;&#1603;&#1585;&#1548;</subfield><subfield code="d">1292-1350.</subfield></datafield><datafield ind1="1" ind2="0" tag="880"><subfield code="6">240-02/r</subfield><subfield code="a">&#1571;&#1581;&#1603;&#1575;&#1605; &#1571;&#1607;&#1604; &#1575;&#1604;&#1584;&#1605;&#1577;</subfield></datafield><datafield ind1="1" ind2="0" tag="880"><subfield code="6">245-03/r</subfield><subfield code="a">&#1588;&#1585;&#1581; &#1575;&#1604;&#1588;&#1585;&#1608;&#1591; &#1575;&#1604;&#1593;&#1605;&#1585;&#1610;&#1577; &#1605;&#1580;&#1585;&#1583;&#1575; &#1605;&#1606; &#1603;&#1578;&#1575;&#1576; &#1571;&#1581;&#1603;&#1575;&#1605; &#1571;&#1607;&#1604; &#1575;&#1604;&#1584;&#1605;&#1577; /</subfield><subfield code="c">&#1578;&#1571;&#1604;&#1610;&#1601; &#1588;&#1605;&#1587; &#1575;&#1604;&#1583;&#1610;&#1606; &#1571;&#1576;&#1610; &#1593;&#1576;&#1583; &#1575;&#1604;&#1604;&#1607; &#1605;&#1581;&#1605;&#1583; &#1576;&#1606; &#1571;&#1576;&#1610; &#1576;&#1603;&#1585; &#1576;&#1606; &#1602;&#1610;&#1605; &#1575;&#1604;&#1580;&#1608;&#1586;&#1610;&#1577; &#1563; &#1581;&#1602;&#1602;&#1607; &#1608;&#1593;&#1604;&#1602; &#1593;&#1604;&#1609; &#1581;&#1608;&#1575;&#1588;&#1610;&#1607; &#1608;&#1580;&#1585;&#1583;&#1607; &#1605;&#1606; &#1575;&#1604;&#1571;&#1589;&#1604; &#1589;&#1576;&#1581;&#1610; &#1575;&#1604;&#1589;&#1575;&#1604;&#1581;.</subfield></datafield><datafield ind1=" " ind2=" " tag="880"><subfield code="6">250-04/r</subfield><subfield code="a">&#1575;&#1604;&#1591;&#1576;&#1593;&#1577; 1.</subfield></datafield><datafield ind1=" " ind2=" " tag="880"><subfield code="6">260-05/r</subfield><subfield code="a">[&#1583;&#1605;&#1588;&#1602;] :</subfield><subfield code="b">&#1605;&#1591;&#1576;&#1593;&#1577; &#1580;&#1575;&#1605;&#1593;&#1577; &#1583;&#1605;&#1588;&#1602;&#1548;</subfield><subfield code="c">1961.</subfield></datafield><datafield ind1="1" ind2=" " tag="880"><subfield code="6">700-06/r</subfield><subfield code="a">&#1589;&#1575;&#1604;&#1581;&#1548; &#1589;&#1576;&#1581;&#1610;.</subfield></datafield><datafield ind1=" " ind2=" " tag="959"><subfield code="a">NNU</subfield><subfield code="b">WEB</subfield><subfield code="c">GENI</subfield><subfield code="t">0</subfield><subfield code="m">Electronic access</subfield><subfield code="s">01</subfield></datafield><datafield ind1=" " ind2=" " tag="999"><subfield code="i">NNC_3059248</subfield><subfield code="o">(OCoLC)30562087</subfield><subfield code="s">columbia_aco000122</subfield></datafield></record>